@book{bishop2006pattern,
  title={Pattern recognition and machine learning},
  author={Bishop, Christopher M and Nasrabadi, Nasser M},
  volume={4},
  number={4},
  year={2006},
  publisher={Springer}
}

% bayesian interpolation
@article{mackay:1992a,
  title={Bayesian interpolation},
  author={MacKay, David JC},
  journal={Neural computation},
  volume={4},
  number={3},
  pages={415--447},
  year={1992},
  publisher={MIT Press One Rogers Street, Cambridge, MA 02142-1209}
}

%bayesian nn
@article{mackay:1992b,
  title={A practical Bayesian framework for backpropagation networks},
  author={MacKay, David JC},
  journal={Neural computation},
  volume={4},
  number={3},
  pages={448--472},
  year={1992},
  publisher={MIT Press One Rogers Street, Cambridge, MA 02142-1209}
}

% active learning
@article{mackay:1992c,
  title={Information-based objective functions for active data selection},
  author={MacKay, David JC},
  journal={Neural computation},
  volume={4},
  number={4},
  pages={590--604},
  year={1992},
  publisher={MIT Press One Rogers Street, Cambridge, MA 02142-1209}
}

@article{forgione2022adaptation,
  title={On the adaptation of recurrent neural networks for system identification},
  author={Forgione, Marco and Muni, Aneri and Piga, Dario and Gallieri, Marco},
  journal={arXiv preprint arXiv:2201.08660},
  year={2022}
}

@inproceedings{martens2015optimizing,
  title={Optimizing neural networks with {K}ronecker-factored approximate curvature},
  author={Martens, James and Grosse, Roger},
  booktitle={International conference on machine learning},
  pages={2408--2417},
  year={2015},
  organization={PMLR}
}

@article{zhou2022sparse,
  title={Sparse {B}ayesian {D}eep {L}earning for {D}ynamic {S}ystem {I}dentification},
  author={Zhou, Hongpeng and Ibrahim, Chahine and Zheng, Wei Xing and Pan, Wei},
  journal={Automatica},
  volume={144},
  pages={110489},
  year={2022},
  publisher={Elsevier}
}

% benchmark
@inproceedings{schoukens2009wiener,
  title={{W}iener-{H}ammerstein Benchmark},
  author={Schoukens, J and Suykens, Johan and Ljung, L},
  booktitle={Proc. of the 15th {IFAC} symposium on System Identification (SYSID 2009)},
  year={2009}
}

@inproceedings{beintema2021nonlinear,
  title={Nonlinear state-space identification using deep encoder networks},
  author={Beintema, G. and T{\'o}th, R. and Schoukens, M.},
  booktitle={Learning for Dynamics and Control},
  pages={241--250},
  year={2021},
  organization={PMLR}
}

@article{wright1999numerical,
  title={Numerical optimization},
  author={Wright, Stephen and Nocedal, Jorge and others},
  journal={Springer Science},
  volume={35},
  number={67-68},
  pages={7},
  year={1999}
}

@book{van2007parameter,
  title={Parameter estimation for scientists and engineers},
  author={Van den Bos, Adriaan},
  year={2007},
  publisher={John Wiley \& Sons}
}

@article{loquercio2020general,
  title={A {G}eneral {F}ramework for {U}ncertainty {E}stimation in {D}eep {L}earning},
  author={Loquercio, Antonio and Segu, Mattia and Scaramuzza, Davide},
  journal={IEEE Robotics and Automation Letters},
  volume={5},
  number={2},
  pages={3153--3160},
  year={2020},
  publisher={IEEE}
}

@article{lakshminarayanan2017simple,
  title={{S}imple and {S}calable {P}redictive {U}ncertainty {E}stimation using {D}eep {E}nsembles},
  author={Lakshminarayanan, Balaji and Pritzel, Alexander and Blundell, Charles},
  journal={Advances in {N}eural {I}nformation {P}rocessing {S}ystems},
  volume={30},
  year={2017}
}

@article{gawlikowski2021survey,
  title={A {S}urvey of {U}ncertainty in {D}eep {N}eural {N}etworks},
  author={Gawlikowski, Jakob and Tassi, Cedrique Rovile Njieutcheu and Ali, Mohsin and Lee, Jongseok and Humt, Matthias and Feng, Jianxiang and Kruspe, Anna and Triebel, Rudolph and Jung, Peter and Roscher, Ribana and others},
  journal={arXiv preprint arXiv:2107.03342},
  year={2021}
}

@article{srivastava2014dropout,
  title={Dropout: {A} {S}imple {W}ay to {P}revent {N}eural {N}etworks from {O}verfitting},
  author={Srivastava, Nitish and Hinton, Geoffrey and Krizhevsky, Alex and Sutskever, Ilya and Salakhutdinov, Ruslan},
  journal={The {J}ournal of {M}achine {L}earning {R}esearch},
  volume={15},
  number={1},
  pages={1929--1958},
  year={2014},
  publisher={JMLR. org}
}

@article{wilson2020bayesian,
  title={{B}ayesian {D}eep {L}earning and a {P}robabilistic {P}erspective of {G}eneralization},
  author={Wilson, Andrew G and Izmailov, Pavel},
  journal={Advances in neural information processing systems},
  volume={33},
  pages={4697--4708},
  year={2020}
}

@inproceedings{izmailov2021bayesian,
  title={{W}hat are {B}ayesian {N}eural {N}etwork {P}osteriors {R}eally {L}ike?},
  author={Izmailov, Pavel and Vikram, Sharad and Hoffman, Matthew D and Wilson, Andrew Gordon Gordon},
  booktitle={International conference on machine learning},
  pages={4629--4640},
  year={2021},
  organization={PMLR}
}

@article{maddox2019simple,
  title={A {S}imple {B}aseline for {B}ayesian {U}ncertainty in {D}eep {L}earning},
  author={Maddox, Wesley J and Izmailov, Pavel and Garipov, Timur and Vetrov, Dmitry P and Wilson, Andrew Gordon},
  journal={Advances in Neural Information Processing Systems},
  volume={32},
  year={2019}
}

@article{ljung2020deep,
  title={{D}eep {L}earning and {S}ystem {I}dentification},
  author={Ljung, Lennart and Andersson, Carl and Tiels, Koen and Sch{\"o}n, Thomas B},
  journal={IFAC-PapersOnLine},
  volume={53},
  number={2},
  pages={1175--1181},
  year={2020},
  publisher={Elsevier}
}

@INPROCEEDINGS{forgione2020model,
  author={Forgione, Marco and Piga, Dario},
  booktitle={2020 IEEE 14th International Conference on Application of Information and Communication Technologies (AICT)}, 
  title={Model Structures and Fitting Criteria for System Identification with Neural Networks}, 
  year={2020},
  volume={},
  number={},
  pages={1-6},
  doi={10.1109/AICT50176.2020.9368834}}

  
@INPROCEEDINGS{andersson2019,
  author={Andersson, Carl and Ribeiro, Antônio H. and Tiels, Koen and Wahlström, Niklas and Schön, Thomas B.},
  booktitle={2019 IEEE 58th Conference on Decision and Control (CDC)}, 
  title={{D}eep {C}onvolutional {N}etworks in {S}ystem {I}dentification}, 
  year={2019},
  volume={},
  number={},
  pages={3670-3676},
  doi={10.1109/CDC40024.2019.9030219}}
  
@article{wu2019deep,
  title={Deep {C}onvolutional {N}eural {N}etwork for {S}tructural {D}ynamic {R}esponse {E}stimation and {S}ystem {I}dentification},
  author={Wu, Rih-Teng and Jahanshahi, Mohammad R},
  journal={Journal of Engineering Mechanics},
  volume={145},
  number={1},
  pages={04018125},
  year={2019},
  publisher={American Society of Civil Engineers}
}

@article{nfir,
title = "{N}onlinear {F}inite {I}mpulse {R}esponse {E}stimation using {R}egularized {N}eural {N}etworks",
author = "Ram{\'i}rez-Chavarr{\'i}a, {Roberto G.} and Maarten Schoukens",
year = "2021",
month = jul,
day = "1",
doi = "10.1016/j.ifacol.2021.08.354",
volume = "54",
pages = "174--179",
journal = "IFAC-PapersOnLine",
publisher = "Elsevier",
number = "7",
}

@article{peeters2022narx,
  title={{NARX} Identification using {D}erivative-{B}ased {R}egularized {N}eural {N}etworks},
  author={Peeters, LH and Beintema, Gerben Izaak and Forgione, M and Schoukens, Maarten},
  journal={arXiv preprint arXiv:2204.05892},
  year={2022}
}

@ARTICLE{Mavkov20,
  author={Mavkov, Bojan and Forgione, Marco and Piga, Dario},
  journal={IEEE Control Systems Letters}, 
  title={Integrated Neural Networks for Nonlinear Continuous-Time System Identification}, 
  year={2020},
  volume={4},
  number={4},
  pages={851-856}}


@article{Forgione202169,
title = {Continuous-time system identification with neural networks: Model structures and fitting criteria},
journal = {European Journal of Control},
volume = {59},
pages = {69-81},
year = {2021},
author = {Marco Forgione and Dario Piga}
}
