@article{bombois2006least,
  title={Least costly identification experiment for control},
  author={Bombois, X. and Scorletti, G. and Gevers, M. and Van den Hof, PMJ and Hildebrand, R.},
  journal={Automatica},
  volume={42},
  number={10},
  pages={1651--1662},
  year={2006},
  publisher={Elsevier}
}